<?xml version="1.0" encoding="UTF-8"?><collection xmlns="http://www.loc.gov/MARC21/slim"><record><leader>00430nam--2200169-i-4500</leader><controlfield tag="001">000015203</controlfield><controlfield tag="002">20161230</controlfield><controlfield tag="005">20161230201031</controlfield><controlfield tag="008">060222s1000------------r-----000-0-eng-d</controlfield><datafield ind1=" " ind2=" " tag="040"><subfield code="a">IFIN-HH</subfield></datafield><datafield ind1=" " ind2=" " tag="080"><subfield code="a">531.01</subfield></datafield><datafield ind1="1" ind2=" " tag="100"><subfield code="a">Bradbury, T.C</subfield></datafield><datafield ind1="1" ind2="0" tag="245"><subfield code="a">Theoretical mechanics</subfield><subfield code="c">T.C. Bradbury</subfield></datafield><datafield ind1=" " ind2=" " tag="260"><subfield code="a">New York, John Wiley And Sons, Inc., 1968</subfield></datafield><datafield ind1=" " ind2=" " tag="300"><subfield code="a">XII + 641 P</subfield></datafield><datafield ind1=" " ind2=" " tag="852"><subfield code="a">77668</subfield><subfield code="c">531</subfield></datafield><datafield ind1=" " ind2=" " tag="CAT"><subfield code="a">Sys</subfield><subfield code="c">20100708</subfield><subfield code="h">131340</subfield></datafield></record></collection>